<?xml version="1.0" encoding="UTF-8"?><collection xmlns="http://www.loc.gov/MARC21/slim"><record><leader>00564nam--2200181-i-4500</leader><controlfield tag="001">000008924</controlfield><controlfield tag="002">20161230</controlfield><controlfield tag="005">20161230201028</controlfield><controlfield tag="008">060222s1000------------r-----000-0-eng-d</controlfield><datafield ind1=" " ind2=" " tag="040"><subfield code="a">IFIN-HH</subfield></datafield><datafield ind1=" " ind2=" " tag="080"><subfield code="a">539.2</subfield></datafield><datafield ind1="1" ind2=" " tag="100"><subfield code="a">Burstein, Elias</subfield></datafield><datafield ind1="1" ind2="0" tag="245"><subfield code="a">Tunneling phenomena in solids</subfield><subfield code="b">Lectures presented at the 1967 nato advanced study institute at riso, denmark</subfield><subfield code="c">Elias burstein, stig lundqvist (eds.)</subfield></datafield><datafield ind1=" " ind2=" " tag="260"><subfield code="a">New York</subfield><subfield code="b">Plenum Press</subfield><subfield code="c">1969</subfield></datafield><datafield ind1=" " ind2=" " tag="300"><subfield code="a">X + 579P</subfield></datafield><datafield ind1="1" ind2=" " tag="700"><subfield code="a">Lundqvist, Srig</subfield><subfield code="e">Ed</subfield></datafield><datafield ind1=" " ind2=" " tag="852"><subfield code="a">15745</subfield><subfield code="c">539.2</subfield></datafield><datafield ind1=" " ind2=" " tag="CAT"><subfield code="a">Sys</subfield><subfield code="c">20121004</subfield><subfield code="h">104054</subfield></datafield></record></collection>